@misc{ruiz2018augment,
    title={Augment and Reduce: Stochastic Inference for Large Categorical Distributions},
    author={Francisco J. R. Ruiz and Michalis K. Titsias and Adji B. Dieng and David M. Blei},
    year={2018},
    eprint={1802.04220},
    archivePrefix={arXiv},
    primaryClass={stat.ML}
}

@inproceedings{graves2013speech,
	title={Speech recognition with deep recurrent neural networks},
	author={Graves, Alex and Mohamed, Abdel-rahman and Hinton, Geoffrey},
	booktitle={2013 IEEE international conference on acoustics, speech and signal processing},
	pages={6645--6649},
	year={2013},
	organization={IEEE}
}
@inproceedings{gulzar2017automated,
	title={Automated debugging in data-intensive scalable computing},
	author={Gulzar, Muhammad Ali and Interlandi, Matteo and Han, Xueyuan and Li, Mingda and Condie, Tyson and Kim, Miryung},
	booktitle={Proceedings of the 2017 Symposium on Cloud Computing},
	pages={520--534},
	year={2017}
}

@article{marcus-etal-1993-building,
    title = "Building a Large Annotated Corpus of {E}nglish: The {P}enn {T}reebank",
    author = "Marcus, Mitchell P.  and
      Santorini, Beatrice  and
      Marcinkiewicz, Mary Ann",
    journal = "Computational Linguistics",
    volume = "19",
    number = "2",
    year = "1993",
    url = "https://www.aclweb.org/anthology/J93-2004",
    pages = "313--330",
}

@misc{zaremba2014recurrent,
    title={Recurrent Neural Network Regularization},
    author={Wojciech Zaremba and Ilya Sutskever and Oriol Vinyals},
    year={2014},
    eprint={1409.2329},
    archivePrefix={arXiv},
    primaryClass={cs.NE}
}
@techreport{rpf,
	author = {F. Baker and P. Savola},
	title = {Ingress Filtering for Multihomed Networks},
	howpublished = {Internet Requests for Comments},
	type = {BCP},
	number = {84},
	year = {2004},
	month = {March},
	issn = {2070-1721},
	publisher = {RFC Editor},
	institution = {RFC Editor},
	url = {http://www.rfc-editor.org/rfc/rfc3704.txt},
	note = {http://www.rfc-editor.org/rfc/rfc3704.txt},
}
@article{Goodman,
   title={Classes for fast maximum entropy training},
   ISBN={0780370414},
   url={http://dx.doi.org/10.1109/ICASSP.2001.940893},
   DOI={10.1109/icassp.2001.940893},
   journal={2001 IEEE International Conference on Acoustics, Speech, and Signal Processing. Proceedings (Cat. No.01CH37221)},
   publisher={IEEE},
   author={Goodman, J.}
}

@article{blanc2017adaptive,
  title={Adaptive sampled softmax with kernel based sampling},
  author={Blanc, Guy and Rendle, Steffen},
  journal={arXiv preprint arXiv:1712.00527},
  year={2017}
}

@inproceedings{vincent2015efficient,
  title={Efficient exact gradient update for training deep networks with very large sparse targets},
  author={Vincent, Pascal and De Br{\'e}bisson, Alexandre and Bouthillier, Xavier},
  booktitle={Advances in Neural Information Processing Systems},
  pages={1108--1116},
  year={2015}
}

@inproceedings{labeau2017experimental,
  title={An experimental analysis of Noise-Contrastive Estimation: the noise distribution matters},
  author={Labeau, Matthieu and Allauzen, Alexandre},
  booktitle={Proceedings of the 15th Conference of the European Chapter of the Association for Computational Linguistics: Volume 2, Short Papers},
  pages={15--20},
  year={2017}
}

@inproceedings{grave2017efficient,
  title={Efficient softmax approximation for GPUs},
  author={Grave, Edouard and Joulin, Armand and Ciss{\'e}, Moustapha and J{\'e}gou, Herv{\'e} and others},
  booktitle={Proceedings of the 34th International Conference on Machine Learning-Volume 70},
  pages={1302--1310},
  year={2017},
  organization={JMLR. org}
}
@article{chen2015strategies,
  title={Strategies for training large vocabulary neural language models},
  author={Chen, Welin and Grangier, David and Auli, Michael},
  journal={arXiv preprint arXiv:1512.04906},
  year={2015}
}

@article{de2015exploration,
  title={An exploration of softmax alternatives belonging to the spherical loss family},
  author={de Br{\'e}bisson, Alexandre and Vincent, Pascal},
  journal={arXiv preprint arXiv:1511.05042},
  year={2015}
}


@article{bengio2008adaptive,
  title={Adaptive importance sampling to accelerate training of a neural probabilistic language model},
  author={Bengio, Yoshua etc.},
  journal={IEEE Transactions on Neural Networks},
  volume={19},
  number={4},
  pages={713--722},
  year={2008},
  publisher={IEEE}
}
@inproceedings{rawat2019sampled,
  title={Sampled softmax with random fourier features},
  author={Rawat, Ankit Singh and Chen, Jiecao and Yu, Felix Xinnan X and Suresh, Ananda Theertha and Kumar, Sanjiv},
  booktitle={Advances in Neural Information Processing Systems},
  pages={13834--13844},
  year={2019}
}


@article{bakhtiary2015speeding,
  title={Speeding up neural networks for large scale classification using wta hashing},
  author={Bakhtiary, Amir H and Lapedriza, Agata and Masip, David},
  journal={arXiv preprint arXiv:1504.07488},
  year={2015}
}

@article{bai2017tapas,
  title={Tapas: Two-pass approximate adaptive sampling for softmax},
  author={Bai, Yu and Goldman, Sally and Zhang, Li},
  journal={arXiv preprint arXiv:1707.03073},
  year={2017}
}


@article{reddi2018stochastic,
  title={Stochastic negative mining for learning with large output spaces},
  author={Reddi, Sashank J and Kale, Satyen and Yu, Felix and Holtmann-Rice, Dan and Chen, Jiecao and Kumar, Sanjiv},
  journal={arXiv preprint arXiv:1810.07076},
  year={2018}
}

@inproceedings{yu2017selection,
  title={Selection of negative samples for one-class matrix factorization},
  author={Yu, Hsiang-Fu and Bilenko, Mikhail and Lin, Chih-Jen},
  booktitle={Proceedings of the 2017 SIAM International Conference on Data Mining},
  pages={363--371},
  year={2017},
  organization={SIAM}
}

@inproceedings{yen2018loss,
  title={Loss decomposition for fast learning in large output spaces},
  author={Yen, Ian En-Hsu and Kale, Satyen and Yu, Felix and Holtmann-Rice, Daniel and Kumar, Sanjiv and Ravikumar, Pradeep},
  booktitle={International Conference on Machine Learning},
  pages={5640--5649},
  year={2018}
}

@inproceedings{schroff2015facenet,
  title={Facenet: A unified embedding for face recognition and clustering},
  author={Schroff, Florian and Kalenichenko, Dmitry and Philbin, James},
  booktitle={Proceedings of the IEEE conference on computer vision and pattern recognition},
  pages={815--823},
  year={2015}
}

@article{mussmann2017fast,
  title={Fast amortized inference and learning in log-linear models with randomly perturbed nearest neighbor search},
  author={Mussmann, Stephen and Levy, Daniel and Ermon, Stefano},
  journal={arXiv preprint arXiv:1707.03372},
  year={2017}
}

@article{vijayanarasimhan2014deep,
  title={Deep networks with large output spaces},
  author={Vijayanarasimhan, Sudheendra and Shlens, Jonathon and Monga, Rajat and Yagnik, Jay},
  journal={arXiv preprint arXiv:1412.7479},
  year={2014}
}

@article{bose2018adversarial,
  title={Adversarial contrastive estimation},
  author={Bose, Avishek Joey and Ling, Huan and Cao, Yanshuai},
  journal={arXiv preprint arXiv:1805.03642},
  year={2018}
}

@inproceedings{andreas-klein-2015-log,
    title = "When and why are log-linear models self-normalizing?",
    author = "Andreas, Jacob  and
      Klein, Dan",
    booktitle = "Proceedings of the 2015 Conference of the North {A}merican Chapter of the Association for Computational Linguistics: Human Language Technologies",
    month = may # "{--}" # jun,
    year = "2015",
    address = "Denver, Colorado",
    publisher = "Association for Computational Linguistics",
    url = "https://www.aclweb.org/anthology/N15-1027",
    doi = "10.3115/v1/N15-1027",
    pages = "244--249",
}

@inproceedings{devlin2014fast,
  title={Fast and robust neural network joint models for statistical machine translation},
  author={Devlin, Jacob and Zbib, Rabih and Huang, Zhongqiang and Lamar, Thomas and Schwartz, Richard and Makhoul, John},
  booktitle={Proceedings of the 52nd Annual Meeting of the Association for Computational Linguistics (Volume 1: Long Papers)},
  pages={1370--1380},
  year={2014}
}

@inproceedings{mikolov2013distributed,
  title={Distributed representations of words and phrases and their compositionality},
  author={Mikolov, Tomas and Sutskever, Ilya and Chen, Kai and Corrado, Greg S and Dean, Jeff},
  booktitle={Advances in neural information processing systems},
  pages={3111--3119},
  year={2013}
}
@book{one-hot,
 author = {Baeza-Yates, Ricardo A. and Ribeiro-Neto, Berthier},
 title = {Modern Information Retrieval},
 year = {1999},
 isbn = {020139829X},
 publisher = {Addison-Wesley Longman Publishing Co., Inc.},
 address = {Boston, MA, USA},
} 
@article{dyer2014notes,
  title={Notes on noise contrastive estimation and negative sampling},
  author={Dyer, Chris},
  journal={arXiv preprint arXiv:1410.8251},
  year={2014}
}

@article{bengio2003neural,
  title={A neural probabilistic language model},
  author={Bengio, Yoshua and Ducharme, R{\'e}jean and Vincent, Pascal and Jauvin, Christian},
  journal={Journal of machine learning research},
  volume={3},
  number={Feb},
  pages={1137--1155},
  year={2003}
}
@article{ji2016parallelizing,
  title={Parallelizing word2vec in shared and distributed memory},
  author={Ji, Shihao and Satish, Nadathur and Li, Sheng and Dubey, Pradeep},
  journal={arXiv preprint arXiv:1604.04661},
  year={2016}
}
@inproceedings{recht2011hogwild,
  title={Hogwild: A lock-free approach to parallelizing stochastic gradient descent},
  author={Recht, Benjamin and Re, Christopher and Wright, Stephen and Niu, Feng},
  booktitle={Advances in neural information processing systems},
  pages={693--701},
  year={2011}
}
@inproceedings{ordentlich2016network,
  title={Network-efficient distributed word2vec training system for large vocabularies},
  author={Ordentlich, Erik and Yang, Lee and Feng, Andy and Cnudde, Peter and Grbovic, Mihajlo and Djuric, Nemanja and Radosavljevic, Vladan and Owens, Gavin},
  booktitle={Proceedings of the 25th ACM International on Conference on Information and Knowledge Management},
  pages={1139--1148},
  year={2016},
  organization={ACM}
}
@inproceedings{chen2018improving,
  title={Improving Negative Sampling for Word Representation using Self-embedded Features},
  author={Chen, Long and Yuan, Fajie and Jose, Joemon M and Zhang, Weinan},
  booktitle={Proceedings of the Eleventh ACM International Conference on Web Search and Data Mining},
  pages={99--107},
  year={2018},
  organization={ACM}
}

@inproceedings{levy2014neural,
  title={Neural word embedding as implicit matrix factorization},
  author={Levy, Omer and Goldberg, Yoav},
  booktitle={Advances in neural information processing systems},
  pages={2177--2185},
  year={2014}
}

@inproceedings{NCE,
  title={Noise-contrastive estimation: A new estimation principle for unnormalized statistical models},
  author={Gutmann, Michael and Hyv{\"a}rinen, Aapo},
  booktitle={Proceedings of the Thirteenth International Conference on Artificial Intelligence and Statistics},
  pages={297--304},
  year={2010}
}
@article{fonarev2017riemannian,
  title={Riemannian optimization for skip-gram negative sampling},
  author={Fonarev, Alexander and Hrinchuk, Oleksii and Gusev, Gleb and Serdyukov, Pavel and Oseledets, Ivan},
  journal={arXiv preprint arXiv:1704.08059},
  year={2017}
}
@article{rong2014word2vec,
  title={word2vec parameter learning explained},
  author={Rong, Xin},
  journal={arXiv preprint arXiv:1411.2738},
  year={2014}
}
@article{goldberg2014word2vec,
  title={word2vec Explained: deriving Mikolov et al.'s negative-sampling word-embedding method},
  author={Goldberg, Yoav and Levy, Omer},
  journal={arXiv preprint arXiv:1402.3722},
  year={2014}
}
@article{luong2014addressing,
  title={Addressing the rare word problem in neural machine translation},
  author={Luong, Minh-Thang and Sutskever, Ilya and Le, Quoc V and Vinyals, Oriol and Zaremba, Wojciech},
  journal={arXiv preprint arXiv:1410.8206},
  year={2014}
}

@article{mikolov2013efficient,
  title={Efficient estimation of word representations in vector space},
  author={Mikolov, Tomas and Chen, Kai and Corrado, Greg and Dean, Jeffrey},
  journal={arXiv preprint arXiv:1301.3781},
  year={2013}
}
@article{bengio2009learning,
  title={Learning deep architectures for AI},
  author={Bengio, Yoshua and others},
  journal={Foundations and trends{\textregistered} in Machine Learning},
  volume={2},
  number={1},
  pages={1--127},
  year={2009},
  publisher={Now Publishers, Inc.}
}
[download]
@inproceedings{bordes2013translating,
  title={Translating embeddings for modeling multi-relational data},
  author={Bordes, Antoine and Usunier, Nicolas and Garcia-Duran, Alberto and Weston, Jason and Yakhnenko, Oksana},
  booktitle={Advances in neural information processing systems},
  pages={2787--2795},
  year={2013}
}
@inproceedings{kusner2015word,
  title={From word embeddings to document distances},
  author={Kusner, Matt and Sun, Yu and Kolkin, Nicholas and Weinberger, Kilian},
  booktitle={International Conference on Machine Learning},
  pages={957--966},
  year={2015}
}

@inproceedings{grover2016node2vec,
  title={node2vec: Scalable feature learning for networks},
  author={Grover, Aditya and Leskovec, Jure},
  booktitle={Proceedings of the 22nd ACM SIGKDD international conference on Knowledge discovery and data mining},
  pages={855--864},
  year={2016},
  organization={ACM}
}

@book{Aho:72,
    author  = {Alfred V. Aho and Jeffrey D. Ullman},
    title   = {The Theory of Parsing, Translation and Compiling},
    year    = "1972",
    volume  = "1",
    publisher = {Prentice-Hall},
    address = {Englewood Cliffs, NJ}
}

@book{APA:83,
    author  = {{American Psychological Association}},
    title   = {Publications Manual},
    year    = "1983",
   publisher = {American Psychological Association},
   address = {Washington, DC}
}

@article{ACM:83,
	author = {Association for Computing Machinery},
	year = "1983",
	journal = {Computing Reviews},
	volume = "24",
	number = "11",
	pages = "503--512"
}

@article{Chandra:81,
	author = {Ashok K. Chandra and Dexter C. Kozen and Larry J. Stockmeyer},
	year = "1981",
	title = {Alternation},
	journal = {Journal of the Association for Computing Machinery},
	volume = "28",
	number = "1",
	pages = "114--133",
	doi = "10.1145/322234.322243",
}

@inproceedings{andrew2007scalable,
  title={Scalable training of {L1}-regularized log-linear models},
  author={Andrew, Galen and Gao, Jianfeng},
  booktitle={Proceedings of the 24th International Conference on Machine Learning},
  pages={33--40},
  year={2007},
}

@book{Gusfield:97,
    author  = {Dan Gusfield},
    title   = {Algorithms on Strings, Trees and Sequences},
    year    = "1997",
    publisher = {Cambridge University Press},
    address = {Cambridge, UK}
}

@inproceedings{borsch2011,
	Address = {Canberra, Australia},
	Author = {Benjamin Borschinger and Mark Johnson},
	Booktitle = {Proceedings of the Australasian Language Technology Association Workshop 2011},
	Month = {December},
	Pages = {10--18},
	Title = {A Particle Filter algorithm for {B}ayesian Wordsegmentation},
	Year = {2011}}

@article{rasooli-tetrault-2015,
    author    = {Mohammad Sadegh Rasooli and Joel R. Tetreault},
    title     = {Yara Parser: {A} Fast and Accurate Dependency Parser},
    journal   = {Computing Research Repository},
    volume    = {arXiv:1503.06733},
    year      = {2015},
    url       = {http://arxiv.org/abs/1503.06733},
    note    = {version 2}
}

@inproceedings{mnih2009scalable,
  title={A scalable hierarchical distributed language model},
  author={Mnih, Andriy and Hinton, Geoffrey E},
  booktitle={Advances in neural information processing systems},
  pages={1081--1088},
  year={2009}
}
@inproceedings{morin2005hierarchical,
  title={Hierarchical probabilistic neural network language model.},
  author={Morin, Frederic and Bengio, Yoshua},
  booktitle={Aistats},
  volume={5},
  pages={246--252},
  year={2005},
  organization={Citeseer}
} 

@article{mnih2012fast,
  title={A fast and simple algorithm for training neural probabilistic language models},
  author={Mnih, Andriy and Teh, Yee Whye},
  journal={arXiv preprint arXiv:1206.6426},
  year={2012}
}

@inproceedings{mnih2013learning,
  title={Learning word embeddings efficiently with noise-contrastive estimation},
  author={Mnih, Andriy and Kavukcuoglu, Koray},
  booktitle={Advances in neural information processing systems},
  pages={2265--2273},
  year={2013}
}

@article{goodfellow2014distinguishability,
  title={On distinguishability criteria for estimating generative models},
  author={Goodfellow, Ian J},
  journal={arXiv preprint arXiv:1412.6515},
  year={2014}
}

@article{Ando2005,
	Acmid = {1194905},
	Author = {Ando, Rie Kubota and Zhang, Tong},
	Issn = {1532-4435},
	Issue_Date = {12/1/2005},
	Journal = {Journal of Machine Learning Research},
	Month = dec,
	Numpages = {37},
	Pages = {1817--1853},
	Publisher = {JMLR.org},
	Title = {A Framework for Learning Predictive Structures from Multiple Tasks and Unlabeled Data},
	Volume = {6},
	Year = {2005}}

@InProceedings{P16-1001,
  author =	"Goodman, James
  	 and Vlachos, Andreas
	     and Naradowsky, Jason",
  title =    "Noise reduction and targeted exploration in imitation learning for      Abstract Meaning Representation parsing    ",
  booktitle = 	    "Proceedings of the 54th Annual Meeting of the Association for      Computational Linguistics (Volume 1: Long Papers)    ",
  year =    "2016",
  publisher =	"Association for Computational Linguistics",
  pages =   "1--11",
  location =	"Berlin, Germany",
  doi =    "10.18653/v1/P16-1001",
  url =    "http://aclweb.org/anthology/P16-1001"
}

@InProceedings{C14-1001,
  author =	"Harper, Mary",
  title = 	"Learning from 26 Languages: Program Management and Science in the Babel Program",
  booktitle = 	"Proceedings of COLING 2014, the 25th International Conference on Computational Linguistics: Technical Papers",
  year =    "2014",
  publisher =	"Dublin City University and Association for Computational Linguistics",
  pages =   "1",
  location =	"Dublin, Ireland",
  url =    "http://aclweb.org/anthology/C14-1001"
}

@book{one-hot,
 author = {Baeza-Yates, Ricardo A. and Ribeiro-Neto, Berthier},
 title = {Modern Information Retrieval},
 year = {1999},
 isbn = {020139829X},
 publisher = {Addison-Wesley Longman Publishing Co., Inc.},
 address = {Boston, MA, USA},
} 
@article{dyer2014notes,
  title={Notes on noise contrastive estimation and negative sampling},
  author={Dyer, Chris},
  journal={arXiv preprint arXiv:1410.8251},
  year={2014}
}

@inproceedings{chen2018improving,
  title={Improving Negative Sampling for Word Representation using Self-embedded Features},
  author={Chen, Long and Yuan, Fajie and Jose, Joemon M and Zhang, Weinan},
  booktitle={Proceedings of the Eleventh ACM International Conference on Web Search and Data Mining},
  pages={99--107},
  year={2018},
  organization={ACM}
}

@misc{fastTextGithub,
  title = {Facebook fastText project source code},
  author = {fastText},
  publisher = {GitHub},
  journal = {GitHub repository},
  year = {2019},

}

@misc{word2vecGithub,
  title = {Word2vec project source code},
  author = {Github word2vec},
  publisher = {GitHub},
  journal = {GitHub repository},
  year = {2019},
  note = {https://github.com/tmikolov/word2vec.git}
}

@misc{node2vecGithub,
  title = {Node2vec project souce code},
  author = {Github node2vec},
  publisher = {GitHub},
  journal = {GitHub repository},
  year = {2019},
  note = {https://github.com/snap-stanford/snap.git}
}







@misc{Zafarani+Liu:2009,
author = "R. Zafarani and H. Liu",
year = "2009",
title = "Social Computing Data Repository at {ASU}",
url = "http://socialcomputing.asu.edu",
institution = "Arizona State University, School of Computing, Informatics and Decision Systems Engineering" }
@article{arora2019theoretical,
  title={A Theoretical Analysis of Contrastive Unsupervised Representation Learning},
  author={Arora, Sanjeev and Khandeparkar, Hrishikesh and Khodak, Mikhail and Plevrakis, Orestis and Saunshi, Nikunj},
  journal={arXiv preprint arXiv:1902.09229},
  year={2019}
}


@article{luong2014addressing,
  title={Addressing the rare word problem in neural machine translation},
  author={Luong, Minh-Thang and Sutskever, Ilya and Le, Quoc V and Vinyals, Oriol and Zaremba, Wojciech},
  journal={arXiv preprint arXiv:1410.8206},
  year={2014}
}


@article{bengio2009learning,
  title={Learning deep architectures for AI},
  author={Bengio, Yoshua and others},
  journal={Foundations and trends{\textregistered} in Machine Learning},
  volume={2},
  number={1},
  pages={1--127},
  year={2009},
  publisher={Now Publishers, Inc.}
}
[download]
@inproceedings{bordes2013translating,
  title={Translating embeddings for modeling multi-relational data},
  author={Bordes, Antoine and Usunier, Nicolas and Garcia-Duran, Alberto and Weston, Jason and Yakhnenko, Oksana},
  booktitle={Advances in neural information processing systems},
  pages={2787--2795},
  year={2013}
}
@inproceedings{kusner2015word,
  title={From word embeddings to document distances},
  author={Kusner, Matt and Sun, Yu and Kolkin, Nicholas and Weinberger, Kilian},
  booktitle={International Conference on Machine Learning},
  pages={957--966},
  year={2015}
}



@book{Aho:72,
    author  = {Alfred V. Aho and Jeffrey D. Ullman},
    title   = {The Theory of Parsing, Translation and Compiling},
    year    = "1972",
    volume  = "1",
    publisher = {Prentice-Hall},
    address = {Englewood Cliffs, NJ}
}

@book{APA:83,
    author  = {{American Psychological Association}},
    title   = {Publications Manual},
    year    = "1983",
   publisher = {American Psychological Association},
   address = {Washington, DC}
}

@article{ACM:83,
	author = {Association for Computing Machinery},
	year = "1983",
	journal = {Computing Reviews},
	volume = "24",
	number = "11",
	pages = "503--512"
}

@article{Chandra:81,
	author = {Ashok K. Chandra and Dexter C. Kozen and Larry J. Stockmeyer},
	year = "1981",
	title = {Alternation},
	journal = {Journal of the Association for Computing Machinery},
	volume = "28",
	number = "1",
	pages = "114--133",
	doi = "10.1145/322234.322243",
}

@inproceedings{andrew2007scalable,
  title={Scalable training of {L1}-regularized log-linear models},
  author={Andrew, Galen and Gao, Jianfeng},
  booktitle={Proceedings of the 24th International Conference on Machine Learning},
  pages={33--40},
  year={2007},
}

@book{Gusfield:97,
    author  = {Dan Gusfield},
    title   = {Algorithms on Strings, Trees and Sequences},
    year    = "1997",
    publisher = {Cambridge University Press},
    address = {Cambridge, UK}
}

@inproceedings{borsch2011,
	Address = {Canberra, Australia},
	Author = {Benjamin Borschinger and Mark Johnson},
	Booktitle = {Proceedings of the Australasian Language Technology Association Workshop 2011},
	Month = {December},
	Pages = {10--18},
	Title = {A Particle Filter algorithm for {B}ayesian Wordsegmentation},
	Year = {2011}}

@article{rasooli-tetrault-2015,
    author    = {Mohammad Sadegh Rasooli and Joel R. Tetreault},
    title     = {Yara Parser: {A} Fast and Accurate Dependency Parser},
    journal   = {Computing Research Repository},
    volume    = {arXiv:1503.06733},
    year      = {2015},
    url       = {http://arxiv.org/abs/1503.06733},
    note    = {version 2}
}

@inproceedings{mnih2009scalable,
  title={A scalable hierarchical distributed language model},
  author={Mnih, Andriy and Hinton, Geoffrey E},
  booktitle={Advances in neural information processing systems},
  pages={1081--1088},
  year={2009}
}


@inproceedings{mnih2013learning,
  title={Learning word embeddings efficiently with noise-contrastive estimation},
  author={Mnih, Andriy and Kavukcuoglu, Koray},
  booktitle={Advances in neural information processing systems},
  pages={2265--2273},
  year={2013}
}

@article{goodfellow2014distinguishability,
  title={On distinguishability criteria for estimating generative models},
  author={Goodfellow, Ian J},
  journal={arXiv preprint arXiv:1412.6515},
  year={2014}
}

@article{Ando2005,
	Acmid = {1194905},
	Author = {Ando, Rie Kubota and Zhang, Tong},
	Issn = {1532-4435},
	Issue_Date = {12/1/2005},
	Journal = {Journal of Machine Learning Research},
	Month = dec,
	Numpages = {37},
	Pages = {1817--1853},
	Publisher = {JMLR.org},
	Title = {A Framework for Learning Predictive Structures from Multiple Tasks and Unlabeled Data},
	Volume = {6},
	Year = {2005}}

@InProceedings{P16-1001,
  author =	"Goodman, James
  	 and Vlachos, Andreas
	     and Naradowsky, Jason",
  title =    "Noise reduction and targeted exploration in imitation learning for      Abstract Meaning Representation parsing    ",
  booktitle = 	    "Proceedings of the 54th Annual Meeting of the Association for      Computational Linguistics (Volume 1: Long Papers)    ",
  year =    "2016",
  publisher =	"Association for Computational Linguistics",
  pages =   "1--11",
  location =	"Berlin, Germany",
  doi =    "10.18653/v1/P16-1001",
  url =    "http://aclweb.org/anthology/P16-1001"
}

@InProceedings{C14-1001,
  author =	"Harper, Mary",
  title = 	"Learning from 26 Languages: Program Management and Science in the Babel Program",
  booktitle = 	"Proceedings of COLING 2014, the 25th International Conference on Computational Linguistics: Technical Papers",
  year =    "2014",
  publisher =	"Dublin City University and Association for Computational Linguistics",
  pages =   "1",
  location =	"Dublin, Ireland",
  url =    "http://aclweb.org/anthology/C14-1001"
}
@inproceedings{node2vec-kdd2016,
author = {Grover, Aditya and Leskovec, Jure},
 title = {node2vec: Scalable Feature Learning for Networks},
 booktitle = {Proceedings of the 22nd ACM SIGKDD International Conference on Knowledge Discovery and Data Mining},
 year = {2016}
}
@article{fastText,
  title={Enriching Word Vectors with Subword Information},
  author={Bojanowski, Piotr and Grave, Edouard and Joulin, Armand and Mikolov, Tomas},
  journal={Transactions of the Association for Computational Linguistics},
  volume={5},
  year={2017},
  issn={2307-387X},
  pages={135--146}
}
@article{wang2017knowledge,
  title={Knowledge graph embedding: A survey of approaches and applications},
  author={Wang, Quan and Mao, Zhendong and Wang, Bin and Guo, Li},
  journal={IEEE Transactions on Knowledge and Data Engineering},
  volume={29},
  number={12},
  pages={2724--2743},
  year={2017},
  publisher={IEEE}
}
@inproceedings{luong2013better,
  title={Better word representations with recursive neural networks for morphology},
  author={Luong, Thang and Socher, Richard and Manning, Christopher},
  booktitle={Proceedings of the Seventeenth Conference on Computational Natural Language Learning},
  pages={104--113},
  year={2013}
}
@article{spearman1904proof,
  title={The proof and measurement of association between two things},
  author={Spearman, Charles},
  journal={American journal of Psychology},
  volume={15},
  number={1},
  pages={72--101},
  year={1904}
}

@inproceedings{barkan2016item2vec,
  title={Item2vec: neural item embedding for collaborative filtering},
  author={Barkan, Oren and Koenigstein, Noam},
  booktitle={2016 IEEE 26th International Workshop on Machine Learning for Signal Processing (MLSP)},
  pages={1--6},
  year={2016},
  organization={IEEE}
}

@inproceedings{LeeLKYH18,
  author    = {Haebeom Lee and
               Juho Lee and
               Saehoon Kim and
               Eunho Yang and
               Sung Ju Hwang},
  title     = {DropMax: Adaptive Variational Softmax},
  booktitle = {Advances in Neural Information Processing Systems 31: Annual Conference
               on Neural Information Processing Systems 2018, NeurIPS 2018, 3-8 December
               2018, Montr{\'{e}}al, Canada.},
  pages     = {927--937},
  year      = {2018},
  url       = {http://papers.nips.cc/paper/7371-dropmax-adaptive-variational-softmax},
  timestamp = {Sun, 16 Dec 2018 17:30:05 +0100},
  biburl    = {https://dblp.org/rec/bib/conf/nips/LeeLKYH18},
  bibsource = {dblp computer science bibliography, https://dblp.org}
}

@inproceedings{LahaCAKSR18,
  author    = {Anirban Laha and
               Saneem Ahmed Chemmengath and
               Priyanka Agrawal and
               Mitesh M. Khapra and
               Karthik Sankaranarayanan and
               Harish G. Ramaswamy},
  title     = {On Controllable Sparse Alternatives to Softmax},
  booktitle = {Advances in Neural Information Processing Systems 31: Annual Conference
               on Neural Information Processing Systems 2018, NeurIPS 2018, 3-8 December
               2018, Montr{\'{e}}al, Canada.},
  pages     = {6423--6433},
  year      = {2018},
  url       = {http://papers.nips.cc/paper/7878-on-controllable-sparse-alternatives-to-softmax},
  timestamp = {Sun, 16 Dec 2018 17:30:05 +0100},
  biburl    = {https://dblp.org/rec/bib/conf/nips/LahaCAKSR18},
  bibsource = {dblp computer science bibliography, https://dblp.org}
}

@article{abs-1803-08577,
  author    = {Francois Fagan and
               Garud Iyengar},
  title     = {Unbiased scalable softmax optimization},
  journal   = {CoRR},
  volume    = {abs/1803.08577},
  year      = {2018},
  url       = {http://arxiv.org/abs/1803.08577},
  archivePrefix = {arXiv},
  eprint    = {1803.08577},
  timestamp = {Mon, 13 Aug 2018 16:47:51 +0200},
  biburl    = {https://dblp.org/rec/bib/journals/corr/abs-1803-08577},
  bibsource = {dblp computer science bibliography, https://dblp.org}
}



@article{sinthong2019aframe,
	title={AFrame: Extending DataFrames for Large-Scale Modern Data Analysis (Extended Version)},
	author={Sinthong, Phanwadee and Carey, Michael J},
	journal={arXiv preprint arXiv:1908.06719},
	year={2019}
}

@inproceedings{zaharia2012resilient,
	title={Resilient distributed datasets: A fault-tolerant abstraction for in-memory cluster computing},
	author={Zaharia, Matei and Chowdhury, Mosharaf and Das, Tathagata and Dave, Ankur and Ma, Justin and McCauley, Murphy and Franklin, Michael J and Shenker, Scott and Stoica, Ion},
	booktitle={Proceedings of the 9th USENIX conference on Networked Systems Design and Implementation},
	pages={2--2},
	year={2012},
	organization={USENIX Association}
}
@article{alsubaiee2014asterixdb,
	title={AsterixDB: A scalable, open source BDMS},
	author={Alsubaiee, Sattam and Altowim, Yasser and Altwaijry, Hotham and Behm, Alexander and Borkar, Vinayak and Bu, Yingyi and Carey, Michael and Cetindil, Inci and Cheelangi, Madhusudan and Faraaz, Khurram and others},
	journal={Proceedings of the VLDB Endowment},
	volume={7},
	number={14},
	pages={1905--1916},
	year={2014},
	publisher={VLDB Endowment}
}
@article{thusoo2009hive,
	title={Hive: a warehousing solution over a map-reduce framework},
	author={Thusoo, Ashish and Sarma, Joydeep Sen and Jain, Namit and Shao, Zheng and Chakka, Prasad and Anthony, Suresh and Liu, Hao and Wyckoff, Pete and Murthy, Raghotham},
	journal={Proceedings of the VLDB Endowment},
	volume={2},
	number={2},
	pages={1626--1629},
	year={2009},
	publisher={VLDB Endowment}
}
% @misc{hive,
	%   title = {Apache Hive},
	%   howpublished = {\url{https://hive.apache.org}},
	
	% }

@inproceedings{olston2008pig,
	title={Pig latin: a not-so-foreign language for data processing},
	author={Olston, Christopher and Reed, Benjamin and Srivastava, Utkarsh and Kumar, Ravi and Tomkins, Andrew},
	booktitle={Proceedings of the 2008 ACM SIGMOD international conference on Management of data},
	pages={1099--1110},
	year={2008},
	organization={ACM}
}
@misc{hive,
	author = {Apache, Hive},
	title = {Apache Hive},
	year={2014},
	url = {https://hive.apache.org},
	
}

@inproceedings{consens1990low,
	title={Low complexity aggregation in GraphLog and Datalog},
	author={Consens, Mariano P and Mendelzon, Alberto O},
	booktitle={International Conference on Database Theory},
	pages={379--394},
	year={1990},
	organization={Springer}
}

@book{zaniolo1997advanced,
	title={Advanced database systems},
	author={Zaniolo, Carlo and Ceri, Stefano and Faloutsos, Christos and Snodgrass, Richard T and Subrahmanian, VS and Zicari, Roberto},
	year={1997},
	publisher={Morgan Kaufmann}
}

@inproceedings{yang2015parallel,
	title={Parallel Bottom-Up Evaluation of Logic Programs: DeALS on Shared-Memory Multicore Machines.},
	author={Yang, Mohan and Shkapsky, Alexander and Zaniolo, Carlo}
}
@inproceedings{shkapsky2016big,
	title={Big data analytics with datalog queries on spark},
	author={Shkapsky, Alexander and Yang, Mohan and Interlandi, Matteo and Chiu, Hsuan and Condie, Tyson and Zaniolo, Carlo},
	booktitle={Proceedings of the 2016 International Conference on Management of Data},
	pages={1135--1149},
	year={2016},
	organization={ACM}
}

@inproceedings{gu2019rasql,
	title={Rasql: Greater power and performance for big data analytics with recursive-aggregate-sql on spark},
	author={Gu, Jiaqi and Watanabe, Yugo H and Mazza, William A and Shkapsky, Alexander and Yang, Mohan and Ding, Ling and Zaniolo, Carlo},
	booktitle={Proceedings of the 2019 International Conference on Management of Data},
	pages={467--484},
	year={2019},
	organization={ACM}
}

@misc{BOM,
	title = {Recursion example: bill of materials},
	note = {https://www.ibm.com/support/knowledgecenter/SSAE4W_9.6.0/db2\\/rbafzrecurse.htm},
	
}
@inproceedings{mckinney2010data,
	title={Data structures for statistical computing in python},
	author={McKinney, Wes and others}
}
@misc{mlm,
	author    = "MLM",
	title     = "Multi-level_marketing",
	year={2008},
	url       = {https://en.wikipedia.org/wiki/Multi-level_marketing.}
}

@misc{BOM,
	author    = "IBM",
	title     = "\href{ https://www.ibm.com/support/producthub/db2/docs/content/SSEPGG_11.5.0/com.ibm.db2.luw.sql.ref.doc/doc/r0059242.html
	}",
	year={2008},
	url       = { https://www.ibm.com/support/producthub/db2/docs/content/SSEPGG_11.5.0/com.ibm.db2.luw.sql.ref.doc/doc/r0059242.html
	}
}

@inproceedings{sparksql,
	title={Spark sql: Relational data processing in spark},
	author={Armbrust, Michael and Xin, Reynold S and Lian, Cheng and Huai, Yin and Liu, Davies and Bradley, Joseph K and Meng, Xiangrui and Kaftan, Tomer and Franklin, Michael J and Ghodsi, Ali and others},
	booktitle={Proceedings of the 2015 ACM SIGMOD international conference on management of data},
	pages={1383--1394},
	year={2015}
}
@inproceedings{sparkstreaming,
	title={Discretized streams: Fault-tolerant streaming computation at scale},
	author={Zaharia, Matei and Das, Tathagata and Li, Haoyuan and Hunter, Timothy and Shenker, Scott and Stoica, Ion},
	booktitle={Proceedings of the twenty-fourth ACM symposium on operating systems principles},
	pages={423--438},
	year={2013}
}
@article{meng2016mllib,
	title={Mllib: Machine learning in apache spark},
	
	author={Meng, Xiangrui and Bradley, Joseph and Yavuz, Burak and Sparks, Evan and Venkataraman, Shivaram and Liu, Davies and Freeman, Jeremy and Tsai, DB and Amde, Manish and Owen, Sean and others},
	journal={The Journal of Machine Learning Research},
	volume={17},
	number={1},
	pages={1235--1241},
	year={2016},
	publisher={JMLR. org}
}

@inproceedings{gonzalez2014graphx,
	title={Graphx: Graph processing in a distributed dataflow framework},
	author={Gonzalez, Joseph E and Xin, Reynold S and Dave, Ankur and Crankshaw, Daniel and Franklin, Michael J and Stoica, Ion},
	booktitle={11th $\{$USENIX$\}$ Symposium on Operating Systems Design and Implementation ($\{$OSDI$\}$ 14)},
	pages={599--613},
	year={2014}
}

@article{dean2004mapreduce,
	title={MapReduce: Simplified data processing on large clusters},
	author={Dean, Jeffrey and Ghemawat, Sanjay},
	year={2004}
}

@inproceedings{pythonDataframe,
	title={Data structures for statistical computing in python},
	author={McKinney, Wes and others},
	year={2010}
}
@article{duggan2015bigdawg,
	title={The bigdawg polystore system},
	author={Duggan, Jennie and Elmore, Aaron J and Stonebraker, Michael and Balazinska, Magda and Howe, Bill and Kepner, Jeremy and Madden, Sam and Maier, David and Mattson, Tim and Zdonik, Stan},
	journal={ACM Sigmod Record},
	volume={44},
	number={2},
	pages={11--16},
	year={2015},
	publisher={ACM New York, NY, USA}
}



@article{kingma2014adam,
	title={Adam: A method for stochastic optimization},
	author={Kingma, Diederik P and Ba, Jimmy},
	journal={arXiv preprint arXiv:1412.6980},
	year={2014}
},

@inproceedings{barford-infocom,
	author = {Brian Eriksson and Paul Barford and Robert Nowak},
	title = {{Estimating Hop Distance Between Arbitrary Host Pairs}},
	booktitle = {IEEE Infocom},
	year = {2009},
},
@inproceedings{pic,
	author        = {Manuel Costa and Miguel Castro and Antony Rowstron and Peter Key},
	title         = {{PIC}: Practical {I}nternet Coordinates for Distance Estimation},
	booktitle     = {ICDCS},
	year          = {2004}
},
@inproceedings{vivaldi,
	author        = {Frank Dabek and Russ Cox and Frans Kaashoek and Robert Morris},
	title         = {Vivaldi: a decentralized network coordinate system},
	booktitle     = {SIGCOMM},
	year          = {2004}
},
@inproceedings{gnp,
	author        = {T. S. Eugene Ng and Hui Zhang},
	title         = {Predicting {I}nternet Network Distance with Coordinates-Based Approaches},
	booktitle     = {INFOCOM},
	year          = {2002}
},
@misc{pyxida,
	title         = {Pyxida},
	note  = {http://pyxida.sourceforge.net/},
	key           = {Pyxida}
},
@misc{routeviews,
	author        = {RouteViews},
	note  = {http://www.routeviews.org}
},

@inproceedings{zaharia2013discretized,
	title={Discretized streams: Fault-tolerant streaming computation at scale},
	author={Zaharia, Matei and Das, Tathagata and Li, Haoyuan and Hunter, Timothy and Shenker, Scott and Stoica, Ion},
	booktitle={Proceedings of the twenty-fourth ACM symposium on operating systems principles},
	pages={423--438},
	year={2013}
}
@book{chodorow2013mongodb,
	title={MongoDB: the definitive guide: powerful and scalable data storage},
	author={Chodorow, Kristina},
	year={2013},
	publisher={" O'Reilly Media, Inc."}
}
@inproceedings{barford-sigcomm,
	author = {Brian Eriksson and Paul Barford and Robert Nowak},
	title = {{Network Discovery from Passive Measurements}},
	booktitle = {ACM Sigcomm},
	year = {2008},
},
@inproceedings{barford-imc,
	author = {Brian Eriksson and Paul Barford and Robert Nowak and Mark Crovella},
	title = {{Learning Network Structure from Passive Measurements}},
	booktitle = {IMC},
	year = {2007},
},

@inproceedings{dn-emb,
	author = {Daixin Wang and Peng Cui and Wenwu Zhu},
	title = {{Structural Deep Network Embedding}},
	booktitle = {KDD},
	year = {2016},
}
@inproceedings{rocketfuel,
	author = {Neil Spring and Ratul Mahajan and Thomas Anderson},
	title = {{Quantifying the Causes of Path Inflation}},
	booktitle = {ACM Sigcomm},
	year = {2003},
},
@INPROCEEDINGS{packetlab,
	Author = {Levchenko, K. and Dhamdhere, A. and Huffaker, B. and claffy, k. and Allman, M. and Paxson, V.}, 
	Title = {{PacketLab: A Universal Measurement Endpoint Interface}},
	BookTitle = {Internet Measurement Conference (IMC)},
	Month = {Nov},
	Year = {2017},
	Keywords = {measurement methodology   security   software/tools}
}
@inproceedings{silkroad,
	author = {Rui Miao and Hongyi Zeng and Changhoon Kim and Jeongkeun Lee and Minlan Yu},
	title = {{SilkRoad: Making Stateful Layer-4 Load Balancing Fast and
	Cheap Using Switching ASICs}},
	booktitle = {ACM Sigcomm},
	year = {2017},
}
@article{self-driving,
	title={Why (and How) Networks Should Run Themselves},
	author={Feamster, Nick and Rexford, Jennifer},
	journal={arXiv preprint arXiv:1710.11583},
	year={2017}
},

@inproceedings{hc-filter,
	author = {Cheng Jin and Haining Wang and Kang G. Shin},
	title = {Hop-count filtering: An effective defense against spoofed DDoS traffic},
	booktitle = {CCS},
	year = {2003},
},



@misc{ark,
	note = {http://www.caida.org/data/active/ipv4_routed_24_topology_dataset.xml},
	title = {Ark IPv4 Routed Topology Dataset},
	key = {Ark},
},

@article{lecun2015deep,
	title={Deep learning},
	author={LeCun, Yann and Bengio, Yoshua and Hinton, Geoffrey},
	journal={nature},
	year={2015}
},




@inproceedings{karpathy2015deep,
	title={Deep visual-semantic alignments for generating image descriptions},
	author={Karpathy, Andrej and Fei-Fei, Li},
	booktitle={CVPR},
	year={2015}
},

@article{wang2018learning,
	title={Learning two-branch neural networks for image-text matching tasks},
	author={Wang, Liwei and Li, Yin and Huang, Jing and Lazebnik, Svetlana},
	journal={IEEE Transactions on Pattern Analysis and Machine Intelligence},
	year={2018}
},

@article{mikolov2013exploiting,
	title={Exploiting similarities among languages for machine translation},
	author={Mikolov, Tomas and Le, Quoc V and Sutskever, Ilya},
	journal={arXiv preprint arXiv:1309.4168},
	year={2013}
},

@article{erhan2010does,
	title={Why does unsupervised pre-training help deep learning?},
	author={Erhan, Dumitru and Bengio, Yoshua and Courville, Aaron and Manzagol, Pierre-Antoine and Vincent, Pascal and Bengio, Samy},
	journal={Journal of Machine Learning Research},
	year={2010}
},

@inproceedings{zhao2011efficient,
	title={Efficient shortest paths on massive social graphs},
	author={Zhao, Xiaohan and Sala, Alessandra and Zheng, Haitao and Zhao, Ben Y},
	booktitle={CollaborateCom},
	year={2011}
},

@inproceedings{mikolov2010recurrent,
	title={Recurrent neural network based language model},
	author={Mikolov, Tom{\'a}{\v{s}} and Karafi{\'a}t, Martin and Burget, Luk{\'a}{\v{s}} and {\v{C}}ernock{\`y}, Jan and Khudanpur, Sanjeev},
	booktitle={Interspeech},
	year={2010}
},

@article{bruzzone1999incremental,
	title={An incremental-learning neural network for the classification of remote-sensing images},
	author={Bruzzone, Lorenzo and Prieto, D Fernandez},
	journal={Pattern Recognition Letters},
	year={1999}
}





@inproceedings{morbini2012reranking,
	title={A reranking approach for recognition and classification of speech input in conversational dialogue systems},
	author={Morbini, Fabrizio and Audhkhasi, Kartik and Artstein, Ron and Van Segbroeck, Maarten and Sagae, Kenji and Georgiou, Panayiotis and Traum, David R and Narayanan, Shri},
	booktitle={2012 IEEE Spoken Language Technology Workshop (SLT)},
	pages={49--54},
	year={2012},
	organization={IEEE}
}
@inproceedings{peng2013search,
	title={Search results based n-best hypothesis rescoring with maximum entropy classification},
	author={Peng, Fuchun and Roy, Scott and Shahshahani, Ben and Beaufays, Fran{\c{c}}oise},
	booktitle={2013 IEEE Workshop on Automatic Speech Recognition and Understanding},
	pages={422--427},
	year={2013},
	organization={IEEE}
}
@inproceedings{discriminative,
	author    = {Hasim Sak and
	Murat Saraclar and
	Tunga Gungor},
	title     = {Discriminative reranking of {ASR} hypotheses with morpholexical and
	N-best-list features},
	booktitle = {2011 {IEEE} Workshop on Automatic Speech Recognition {\&} Understanding,
	{ASRU} 2011, Waikoloa, HI, USA, December 11-15, 2011},
	pages     = {202--207},
	year      = {2011},
	crossref  = {DBLP:conf/asru/2011},
	url       = {https://doi.org/10.1109/ASRU.2011.6163931},
	doi       = {10.1109/ASRU.2011.6163931},
	timestamp = {Fri, 26 May 2017 00:51:03 +0200},
	biburl    = {https://dblp.org/rec/bib/conf/asru/SakSG11},
	bibsource = {dblp computer science bibliography, https://dblp.org}
}

@inproceedings{collins2005discriminative,
	title={Discriminative syntactic language modeling for speech recognition},
	author={Collins, Michael and Roark, Brian and Saraclar, Murat},
	booktitle={Proceedings of the 43rd Annual Meeting on Association for Computational Linguistics},
	pages={507--514},
	year={2005},
	organization={Association for Computational Linguistics}
}
@article{sennrich2015neural,
	title={Neural machine translation of rare words with subword units},
	author={Sennrich, Rico and Haddow, Barry and Birch, Alexandra},
	journal={arXiv preprint arXiv:1508.07909},
	year={2015}
}
@book{tur2011spoken,
	title={Spoken language understanding: Systems for extracting semantic information from speech},
	author={Tur, Gokhan and De Mori, Renato},
	year={2011},
	publisher={John Wiley \& Sons}
}
@article{caruana1997multitask,
	title={Multitask learning},
	author={Caruana, Rich},
	journal={Machine learning},
	volume={28},
	number={1},
	pages={41--75},
	year={1997},
	publisher={Springer}
}
@article{gong2013multi,
	title={Multi-stage multi-task feature learning},
	author={Gong, Pinghua and Ye, Jieping and Zhang, Changshui},
	journal={The Journal of Machine Learning Research},
	volume={14},
	number={1},
	pages={2979--3010},
	year={2013},
	publisher={JMLR. org}
}

@inproceedings{charniak2005coarse,
	title={Coarse-to-fine n-best parsing and MaxEnt discriminative reranking},
	author={Charniak, Eugene and Johnson, Mark},
	booktitle={Proceedings of the 43rd annual meeting on association for computational linguistics},
	pages={173--180},
	year={2005},
	organization={Association for Computational Linguistics}
}
@article{dikici2012classification,
	title={Classification and ranking approaches to discriminative language modeling for ASR},
	author={Dikici, Erin{\c{c}} and Semerci, Murat and Sara{\c{c}}lar, Murat and Alpaydin, Ethem},
	journal={IEEE Transactions on Audio, Speech, and Language Processing},
	volume={21},
	number={2},
	pages={291--300},
	year={2012},
	publisher={IEEE}
}
@inproceedings{chan2004improving,
	title={Improving broadcast news transcription by lightly supervised discriminative training},
	author={Chan, Ho Yin and Woodland, Phil},
	booktitle={2004 IEEE International Conference on Acoustics, Speech, and Signal Processing},
	volume={1},
	pages={I--737},
	year={2004},
	organization={IEEE}
}
@article{schuster1997bidirectional,
	title={Bidirectional recurrent neural networks},
	author={Schuster, Mike and Paliwal, Kuldip K},
	journal={IEEE Transactions on Signal Processing},
	volume={45},
	number={11},
	pages={2673--2681},
	year={1997},
	publisher={IEEE}
}
@inproceedings{jyothi2012large,
	title={Large-scale discriminative language model reranking for voice-search},
	author={Jyothi, Preethi and Johnson, Leif and Chelba, Ciprian and Strope, Brian},
	booktitle={Proceedings of the NAACL-HLT 2012 Workshop: Will We Ever Really Replace the N-gram Model? On the Future of Language Modeling for HLT},
	pages={41--49},
	year={2012},
	organization={Association for Computational Linguistics}
}
@article{Sak2011DiscriminativeRO,
	title={Discriminative reranking of ASR hypotheses with morpholexical and N-best-list features},
	author={Hasim Sak and Murat Saraçlar and Tunga G{\"u}ng{\"o}r},
	journal={2011 IEEE Workshop on Automatic Speech Recognition and Understanding},
	year={2011},
	pages={202-207}
}
@inproceedings{xu2014contextual,
	title={Contextual domain classification in spoken language understanding systems using recurrent neural network},
	author={Xu, Puyang and Sarikaya, Ruhi},
	booktitle={2014 IEEE International Conference on Acoustics, Speech and Signal Processing (ICASSP)},
	pages={136--140},
	year={2014},
	organization={IEEE}
}
@inproceedings{sak2010fly,
	title={On-the-fly lattice rescoring for real-time automatic speech recognition},
	author={Sak, Ha{\c{s}}im and Saraclar, Murat and G{\"u}ng{\"o}r, Tunga},
	booktitle={Eleventh annual conference of the international speech communication association},
	year={2010}
}
@inproceedings{liu2014efficient,
	title={Efficient lattice rescoring using recurrent neural network language models},
	author={Liu, Xunying and Wang, Yongqiang and Chen, Xie and Gales, Mark JF and Woodland, Philip C},
	booktitle={2014 IEEE International Conference on Acoustics, Speech and Signal Processing (ICASSP)},
	pages={4908--4912},
	year={2014},
	organization={IEEE}
}
@inproceedings{tur2002improving,
	title={Improving spoken language understanding using word confusion networks},
	author={Tur, Gokhan and Wright, Jerry and Gorin, Allen and Riccardi, Giuseppe and Hakkani-T{\"u}r, Dilek},
	booktitle={Seventh International Conference on Spoken Language Processing},
	year={2002}
}
@article{hakkani2006beyond,
	title={Beyond ASR 1-best: Using word confusion networks in spoken language understanding},
	author={Hakkani-T{\"u}r, Dilek and B{\'e}chet, Fr{\'e}d{\'e}ric and Riccardi, Giuseppe and Tur, Gokhan},
	journal={Computer Speech \& Language},
	volume={20},
	number={4},
	pages={495--514},
	year={2006},
	publisher={Elsevier}
}
@inproceedings{he2016deep,
	title={Deep residual learning for image recognition},
	author={He, Kaiming and Zhang, Xiangyu and Ren, Shaoqing and Sun, Jian},
	booktitle={Proceedings of the IEEE conference on computer vision and pattern recognition},
	pages={770--778},
	year={2016}
}
@article{devlin2018bert,
	title={Bert: Pre-training of deep bidirectional transformers for language understanding},
	author={Devlin, Jacob and Chang, Ming-Wei and Lee, Kenton and Toutanova, Kristina},
	journal={arXiv preprint arXiv:1810.04805},
	year={2018}
}
@inproceedings{amodei2016deep,
	title={Deep speech 2: End-to-end speech recognition in english and mandarin},
	author={Amodei, Dario and Ananthanarayanan, Sundaram and Anubhai, Rishita and Bai, Jingliang and Battenberg, Eric and Case, Carl and Casper, Jared and Catanzaro, Bryan and Cheng, Qiang and Chen, Guoliang and others},
	booktitle={International conference on machine learning},
	pages={173--182},
	year={2016}
}

@inproceedings{paszke2019pytorch,
	title={PyTorch: An imperative style, high-performance deep learning library},
	author={Paszke, Adam and Gross, Sam and Massa, Francisco and Lerer, Adam and Bradbury, James and Chanan, Gregory and Killeen, Trevor and Lin, Zeming and Gimelshein, Natalia and Antiga, Luca and others},
	booktitle={Advances in Neural Information Processing Systems},
	pages={8024--8035},
	year={2019}
}

@inproceedings{abadi2016tensorflow,
	title={Tensorflow: A system for large-scale machine learning},
	author={Abadi, Mart{\'\i}n and Barham, Paul and Chen, Jianmin and Chen, Zhifeng and Davis, Andy and Dean, Jeffrey and Devin, Matthieu and Ghemawat, Sanjay and Irving, Geoffrey and Isard, Michael and others},
	booktitle={12th $\{$USENIX$\}$ Symposium on Operating Systems Design and Implementation ($\{$OSDI$\}$ 16)},
	pages={265--283},
	year={2016}
}
@article{zaharia2010spark,
	title={Spark: Cluster computing with working sets.},
	author={Zaharia, Matei and Chowdhury, Mosharaf and Franklin, Michael J and Shenker, Scott and Stoica, Ion and others}
}
@inproceedings{oba2007approach,
	title={An approach to efficient generation of high-accuracy and compact error-corrective models for speech recognition},
	author={Oba, Takanobu and Hori, Takaaki and Nakamura, Atsushi},
	booktitle={Eighth Annual Conference of the International Speech Communication Association},
	year={2007}
}

@misc{dls,
	title = {1st Deep Learning and Security Workshop},
	note = {https://www.ieee-security.org/TC/SPW2018/DLS/}
},
@misc{arbor-spoofing,
	title = {{Arbor confirms 1.7Tbps DDoS attack}},
	note = {https://asert.arbornetworks.com/netscout-arbor-confirms-1-7-tbps-ddos-attack-terabit-attack-era-upon-us/},
	key = {arbor},
},
@misc{ark,
	title = {Archipelago (Ark) Measurement Infrastructure},
	note = {http://www.caida.org/projects/ark/},
	key = {ark},
},
@techreport{ipsec,
	author = {S. Frankel and S. Krishnan},
	title = {{IP Security (IPsec) and Internet Key Exchange (IKE) Document Roadmap}},
	howpublished = {Internet Requests for Comments},
	type = {RFC},
	number = {6071},
	year = {2011},
	month = {February},
	issn = {2070-1721},
	publisher = {RFC Editor},
	institution = {RFC Editor},
	url = {http://www.rfc-editor.org/rfc/rfc6071.txt},
	note = {http://www.rfc-editor.org/rfc/rfc6071.txt},
},
@inproceedings{spm,
	author = {Anat Bremler-Barr and Hanoch Levy},
	title = {{Spoofing Prevention Method}},
	booktitle = {IEEE Infocom},
	year = {2005},
},
@article{spoofing-ddos,
	title={Detecting and Preventing IP-spoofed Distributed DoS Attacks},
	author={Yao Chen and Shantanu Das and Pulak Dhar and Abdulmotaleb El Saddik and Amiya Nayak},
	journal={International Journal of Network Security},
	volume={7},
	number={1},
	pages={70--81},
	year={2008},
},
@misc{cloudflare,
	title = {{The root cause of large DDoS IP Spoofing}},
	note={https://blog.cloudflare.com/the-root-cause-of-large-ddos-ip-spoofing/},
	key = {cloudflare},
},
@inproceedings{pic,
	author        = {Manuel Costa and Miguel Castro and Antony Rowstron and Peter Key},
	title         = {{PIC}: Practical {I}nternet Coordinates for Distance Estimation},
	booktitle     = {ICDCS},
	year          = {2004}
},
@inproceedings{cunha,
	author = {Cunha, Italo and Teixeira, Renata and Veitch, Darryl and Diot, Christophe},
	title = {Predicting and Tracking Internet Path Changes},
	booktitle = {ACM Sigcomm},
	year = {2011},
},
@inproceedings{vivaldi,
	author        = {Frank Dabek and Russ Cox and Frans Kaashoek and Robert Morris},
	title         = {Vivaldi: a decentralized network coordinate system},
	booktitle     = {SIGCOMM},
	year          = {2004}
},
@article{idpf,
	author = {Zhenhai Duan and Xin Yuan and Jaideep Chandrashekar},
	title = {{Controlling IP Spoofing through Interdomain Packet Filters}},
	year = {2008},
	journal = {IEEE Transactions on Dependable and Secure Computing},
	number = {1},
	volume = {5},
},
@inproceedings{barford-infocom,
	author = {Eriksson, Brian and Barford, Paul and Nowak, Rob},
	title = {Estimating Hop Distance Between Arbitrary Host Pairs},
	year = {2009},
	booktitle = {IEEE Infocom},
},
@inproceedings{puzzles,
author = {Wuchang Feng and Ed Kaiser and Wuchi Feng and Antoine Luu},
title = {{The Design and Implementation of Network Puzzles}},
booktitle = {Infocom},
year = {2005},
},
@techreport{ingress,
	author = {P. Ferguson and D. Senie},
	title = {Network Ingress Filtering: Defeating Denial of Service Attacks which employ IP Source Address Spoofing},
	howpublished = {Internet Requests for Comments},
	type = {BCP},
	number = {38},
	year = {2000},
	month = {May},
	issn = {2070-1721},
	publisher = {RFC Editor},
	institution = {RFC Editor},
	url = {http://www.rfc-editor.org/rfc/rfc2827.txt},
	note = {http://www.rfc-editor.org/rfc/rfc2827.txt},
},

@techreport{ipsec,
	author = {S. Frankel and S. Krishnan},
	title = {{IP Security (IPsec) and Internet Key Exchange (IKE) Document Roadmap}},
	howpublished = {Internet Requests for Comments},
	type = {RFC},
	number = {6071},
	year = {2011},
	month = {February},
	issn = {2070-1721},
	publisher = {RFC Editor},
	institution = {RFC Editor},
	url = {http://www.rfc-editor.org/rfc/rfc6071.txt},
	note = {http://www.rfc-editor.org/rfc/rfc6071.txt},
},

@misc{github-spoofing,
	title = {{February 28th DDoS incident}},
	note = {https://githubengineering.com/ddos-incident-report/},
	key = {github},
}
@inproceedings{net2vec,
	author = {Gonzalez, Roberto and Manco, Filipe and Garcia-Duran, Alberto and Mendes, Jose and Huici, Felipe and Niccolini, Saverio and Niepert, Mathias},
	title = {Net2Vec: Deep Learning for the Network},
	booktitle = {ACM Big-DAMA'17},
	year = {2017},
} 
@inproceedings{hcf,
	author = {Cheng Jin and Haining Wang and Kang G. Shin},
	title = {Hop-count filtering: An Effective Defense Against Spoofed DDoS Traffic}},
booktitle = {ACM CCS},
year = {2003},
},
@inproceedings{asym,
	Author = {John, W. and Dusi, M. and claffy, k.}, 
	Title = {{Estimating Routing Symmetry on Single Links by Passive Flow Measurements}},
	booktitle = {ACM International Workshop on TRaffic Analysis and Classification (TRAC)},
	Year = {2010},
},
@techreport{egress,
	author = {T. Killalea},
	title = {Recommended Internet Service Provider Security Services and Procedures},
	howpublished = {Internet Requests for Comments},
	type = {BCP},
	number = {46},
	year = {2000},
	month = {November},
	issn = {2070-1721},
	publisher = {RFC Editor},
	institution = {RFC Editor},
},
@inproceedings{dip,
	author = {Mingda Li and Cristian Lumezanu and Bo Zong and Haifeng Chen},
	title = {{Deep Learning IP Network Representations}},
	booktitle = {ACM Sigcomm Big-DAMA},
	year = {2018},
},

@article{dip-ccr,
	author = {Mingda Li and Cristian Lumezanu and Bo Zong and Haifeng Chen},
	title = {{Learning IP Network Representations}},
	journal = {SIGCOMM CCR},
	year = {2018},
	month = {October},
},
@inproceedings{pam17-loops,
	author = {Qasim Lone and Matthew Luckie and Maciej Korczynski and Michel van Eeten},
	title = {Using Loops Observed in Traceroute to Infer the Ability to Spoof},
	booktitle = {PAM},
	year = {2017},
},
@inproceedings{kumar2014normalization,
	title={Normalization of ASR confidence classifier scores via confidence mapping},
	author={Kumar, Kshitiz and Liu, Chaojun and Gong, Yifan},
	booktitle={Fifteenth Annual Conference of the International Speech Communication Association},
	year={2014}
}

@article{caruana1997multitask,
	title={Multitask learning},
	author={Caruana, Rich},
	journal={Machine learning},
	volume={28},
	number={1},
	pages={41--75},
	year={1997},
	publisher={Springer}
}
@article{liu2019multi,
	title={Multi-task deep neural networks for natural language understanding},
	author={Liu, Xiaodong and He, Pengcheng and Chen, Weizhu and Gao, Jianfeng},
	journal={arXiv preprint arXiv:1901.11504},
	year={2019}
}
@misc{zhang2017survey,
	title={A Survey on Multi-Task Learning},
	author={Yu Zhang and Qiang Yang},
	year={2017},
	eprint={1707.08114},
	archivePrefix={arXiv},
	primaryClass={cs.LG}
}

@inproceedings{fiscus1997post,
	title={A post-processing system to yield reduced word error rates: Recognizer output voting error reduction (ROVER)},
	author={Fiscus, Jonathan G},
	booktitle={1997 IEEE Workshop on Automatic Speech Recognition and Understanding Proceedings},
	pages={347--354},
	year={1997},
	organization={IEEE}
}
@inproceedings{peerwise,
	author        = {Cristian Lumezanu and Dave Levin and Neil Spring},
	title         = {Peer{W}ise Discovery and Negotiation of Faster Paths},
	booktitle     = {HotNets},
	year          = {2007}
},
@inproceedings{gnp,
	author        = {T. S. Eugene Ng and Hui Zhang},
	title         = {Predicting {I}nternet Network Distance with Coordinates-Based Approaches},
	booktitle     = {INFOCOM},
	year          = {2002}
},
@inproceedings{reasons,
	title = {Reasons Dynamic Addresses Change},
	author = {Ramakrishna Padmanabhan and Amogh Dhamdhere and Emile Aben and kc claffy and Neil Spring},
	booktitle = {IMC},
	year = {2016},
},

@inproceedings{rbf,
	author = {Kihong Park and Heejo Lee},
	title = {{On the Effectiveness of Route-Based Packet Filtering for Distributed DoS Attack Prevention in Power-Law Internets}},
	booktitle = {ACM Sigcomm},
	year = {2001},
},

@misc{pyxida,
	title         = {Pyxida},
	note  = {http://pyxida.sourceforge.net/},
	key           = {Pyxida}
},

@INPROCEEDINGS{ipsec-overhead, 
	author={Craig Shue and Youngsang Shin and M. Gupta and Jong Youl Choi}, 
	booktitle={1st IEEE ICNP Workshop on Secure Network Protocols, 2005. (NPSec).}, 
	title={Analysis of IPSec overheads for VPN servers}, 
	year={2005}, 
},

@inproceedings{vern,
	author = {Sommer, Robin and Paxson, Vern},
	title = {Outside the Closed World: On Using Machine Learning for Network Intrusion Detection},
	booktitle = {Proceedings of the 2010 IEEE Symposium on Security and Privacy},
	year = {2010},
} ,

@misc{spoofing-ps,
	title = {{Port scanning techniques and the defense against them}},
	note={https://www.sans.org/reading-room/whitepapers/auditing/port-scanning-techniques-defense-70},
	key={spoofing-ps},
},

@misc{spoofing-state,
	title = {{State of IP Spoofing}},
	note = {https://spoofer.caida.org/summary.php},
	key={spoofing-state},
},

@inproceedings{net-emb,
	author = {Wang, Daixin and Cui, Peng and Zhu, Wenwu},
	title = {Structural Deep Network Embedding},
	booktitle = {Proceedings of the 22Nd ACM SIGKDD International Conference on Knowledge Discovery and Data Mining},
	year = {2016},
} ,

@article{iphc,
	author = {Haining Wang and Cheng Jin and Kang G. Shin},
	journal = {IEEE/ACM Transactions on Networking},
	title = {Defense Against Spoofed IP Traffic Using Hop-Count Filtering},
	pages = {40--53},
	issue = {1},
	volume = {15},
	year = {2007}
},

@ARTICLE{spi, 
	author={A. Yaar and A. Perrig and D. Song}, 
	journal={IEEE Journal on Selected Areas in Communications}, 
	title={StackPi: New Packet Marking and Filtering Mechanisms for DDoS and IP Spoofing Defense}, 
	year={2006}, 
	volume={24}, 
	number={10}, 
	pages={1853-1863},
},
@misc{py4j,
	author={Barthélémy Dagenais},
	title = {Py4J - A Bridge between Python and Java.  https://www.py4j.org/index.html},
	url = {https://www.py4j.org/index.html},
	year={2009}
	
}
@inproceedings{Bader2006GTgraphA,
	title={GTgraph : A Synthetic Graph Generator Suite},
	author={David A. Bader and Kamesh Madduri},
	year={2006}
}

@article{zaniolo2019monotonic,
	title={Monotonic Properties of Completed Aggregates in Recursive Queries},
	author={Zaniolo, Carlo and Das, Ariyam and Gu, Jiaqi and Li, Youfu and Wang, Jin and others},
	journal={arXiv preprint arXiv:1910.08888},
	year={2019}
}

@article{das2019bigdata,
	title={BigData Applications from Graph Analytics to Machine Learning by Aggregates in Recursion},
	author={Das, Ariyam and Li, Youfu and Wang, Jin and Li, Mingda and Zaniolo, Carlo},
	journal={arXiv preprint arXiv:1909.08249},
	year={2019}
}
